@string{dbisp2p04 = "Proceedings of the Second International Workshop on Databases, Information Systems, and Peer-to-Peer Computing"}
@string{chi94	= "{CHI}'94"}
  title = 	 {Indexing the solution space:  a new technique for nearest neighbor search in high\hyp{}dimensional space},
  journal = 	 ieeetkde,
  year = 	 2000,
  volume =	 12,
  number =	 1,
  month =	 {January/February},
  pages =	 {45--57},
  keywords =	 {[points; high\hyp{}dimensional data; nearest neighbor; Voronoi diagram]}
}

@InProceedings{Leid11,
  folder    = {SAMET?},
  author    = {J. L. Leidner and
               M. D. Lieberman},
  title     = {Detecting geographical references in the form of place names
               and associated spatial natural language},
  journal   = {SIGSPATIAL Special},
  volume    = {3},
  number    = {2},
  year      = {2011},
  pages     = {5--11},
  abstract  = {Survey of geotagging.},
  keywords  = {toponym recognition; toponym resolution; geotagging; geographic information retrieval ({GIR})]},
  category  = {spatio-textual search engine},
}

                  
@InProceedings{Lieb12b,
	author = {Michael D. Lieberman and Hanan Samet},
	title = {Supporting rapid processing and interactive map-based exploration of
streaming news},
	booktitle = {GIS 2012},
	year = {2012},
}


@book{Duda00,
    author = {R. O. Duda and P. E. Hart and D. G. Stork},
    title = {Pattern Classification},
    publisher = {Wiley Interscience},
    address = {New York},
    edition = {Second},
    year = 2000,
}

@techreport{Teit10,
    author = {B. E. Teitler and J. Sankaranarayanan and H. Samet},
    title = {Online Document Clustering Using the {GPU}},
    institution = {University of Maryland},
    type = {Technical Report},
    number = {CS-TR-4970},
    year = 2010,
    month = aug,
    address = {College Park, MD},
}

@misc{Goog12,
title={Google Maps},
howpublished={\url{https://maps.google.com/maps?lci=com.panoramio.all}}
}

@misc{Flic12,
	title={Flickr: Explore everyone's photos on a Map},
	howpublished={\url{http://www.flickr.com/map}}
}
